@phdthesis{schwarzmeier07,
	author		= "Jakub Schwarzmeier",
	title		  = "On simulation if galaxy dynamics and their application to physics education",
	school		= "University of West Bohemia",
	%address	= "",
	year		  = "2007",
	%month		= "",
	%keywords	= "",
	%note		  = "",
}
